<?xml version="1.0" encoding="UTF-8"?><collection xmlns="http://www.loc.gov/MARC21/slim"><record><leader>00382nam--2200133-i-4500</leader><controlfield tag="001">000007707</controlfield><controlfield tag="002">20161230</controlfield><controlfield tag="005">20161230201027</controlfield><controlfield tag="008">060222s1000------------r-----000-0-eng-d</controlfield><datafield ind1=" " ind2=" " tag="080"><subfield code="a">530.1</subfield></datafield><datafield ind1=" " ind2=" " tag="100"><subfield code="a">Christy, Robert W.And Pytte, Agnar</subfield></datafield><datafield ind1=" " ind2=" " tag="245"><subfield code="a">The structure of matter:an introduction to mod ern physics</subfield></datafield><datafield ind1=" " ind2=" " tag="260"><subfield code="a">New York, W.A.Bemjamin, Inc., 1965. Xx + 545 P</subfield></datafield><datafield ind1=" " ind2=" " tag="852"><subfield code="a">24461</subfield></datafield></record></collection>